@manual{USB2.0,
	title = {USB 2.0 Specification},
	url = {http://www.usb.org/developers/docs/usb20_docs/}
}

@manual{Kociemba,
	author = {Herbert Kociemba},
	title = {The Two-Phase Algorithm},
	url = {http://kociemba.org/cube.htm}
}

@manual{GuinnessWR,
	organization = {Guinness World Records},
	title = {Fastest robot to solve a Rubik's Cube},
	url = {http://www.guinnessworldrecords.com/world-records/fastest-robot-to-solve-a-rubiks-cub}
}

@manual{OpenCV,
	organization = "OpenCV Developers Team",
	title = "About OpenCV",
	url = "http://opencv.org/about.html"
}

@manual{cvtColor,
	organization = "OpenCV Developers Team",
	title = "Miscellaneous Image Transformations",
	url = "http://docs.opencv.org/modules/imgproc/doc/miscellaneous_transformations.html#cvtcolor"
}

@manual{Grayscale,
	organization = "Wikipedia contributors",
	title = "Grayscale",
	url = "http://en.wikipedia.org/w/index.php?title=Grayscale&oldid=652694198"
}

@manual{CannyEdgeDetection,
	organization = "Wikipedia contributors",
	title = "Canny edge detector",
	url = "http://en.wikipedia.org/w/index.php?title=Canny_edge_detector&oldid=655662708"
}

@manual{MoeslundEdgeDetection,
	author = "Thomas Moeslund",
	title = "Canny Edge Detection",
	url = "http://www.cse.iitd.ernet.in/~pkalra/csl783/canny.pdf"
}

@manual{OpenCVCanny,
	organization = "OpenCV Developers Team",
	title = "Feature Detection",
	url = "http://docs.opencv.org/modules/imgproc/doc/feature_detection.html?highlight=canny#canny"
}

@manual{findContours,
	organization = "OpenCV Developers Team",
	title = "Structural Analysis and Shape Descriptors",
	url = "http://docs.opencv.org/modules/imgproc/doc/structural_analysis_and_shape_descriptors.html?highlight=findcontours#findcontours"
}

@manual{Suzuki85,
	author = "Suzuki S. and Abe K.",
	title = "Topological Structural Analysis of Digitized Binary Images by Border Following",
	year = {1985},
	pages = {473-480}
}

@manual{BasicCubeNotation,
	author = "Joseph Converse",
	title = "Basic Notation",
	url = "http://astro.berkeley.edu/~converse/rubiks.php?id1=basics&id2=notation"
}

@manual{TheTwo-PhaseAlgorithm,
	author = "Herbert Kociemba",
	title = "The Two-Phase Algorithm",
	url = "http://kociemba.org/twophase.htm"
}

@manual{OpenCVPython,
	organization = "OpenCV Developers Team",
	title = "OpenCV-Python",
	url = "http://opencv-python-tutroals.readthedocs.org/en/latest/py_tutorials/py_setup/py_intro/py_intro.html#opencv-python"
}

@manual{pyflycapture2,
	author = "Robert Jordens",
	title = "pyflycapture2",
	url = "https://github.com/jordens/pyflycapture2.git"
}

@manual{FlyCapture,
	organization = "Point Grey Research",
	title = "FlyCapture SDK",
	url = "https://www.ptgrey.com/flycapture-sdk"
}